<record><leader>00000cas a2200000 a 4500</leader><controlfield tag="001">12636735</controlfield><controlfield tag="008">851004d18201820mauwr ne      0    0eng  </controlfield><datafield ind1=" " ind2=" " tag="010"><subfield code="a">sn 85042547 </subfield></datafield><datafield ind1=" " ind2=" " tag="040"><subfield code="a">DLC</subfield><subfield code="b">eng</subfield><subfield code="c">DLC</subfield><subfield code="d">NJW</subfield><subfield code="d">KNP</subfield><subfield code="d">HUL</subfield><subfield code="d">NVF</subfield><subfield code="d">NVK</subfield><subfield code="d">TGN</subfield><subfield code="d">OCL</subfield><subfield code="d">CVF</subfield><subfield code="d">NYS</subfield><subfield code="d">OCLCQ</subfield><subfield code="d">GUA</subfield><subfield code="d">BUF</subfield><subfield code="d">KRTAS</subfield><subfield code="d">OCLCO</subfield><subfield code="d">OCLCQ</subfield><subfield code="d">OCLCF</subfield><subfield code="d">OCLCO</subfield></datafield><datafield ind1=" " ind2=" " tag="042"><subfield code="a">pcc</subfield></datafield><datafield ind1=" " ind2=" " tag="043"><subfield code="a">n-us-ma</subfield></datafield><datafield ind1="0" ind2="0" tag="050"><subfield code="a">Newspaper</subfield></datafield><datafield ind1="1" ind2="4" tag="050"><subfield code="a">AP2.A2</subfield><subfield code="b">A63 Box 27</subfield></datafield><datafield ind1="0" ind2="0" tag="245"><subfield code="a">Ladies' port folio.</subfield></datafield><datafield ind1=" " ind2=" " tag="260"><subfield code="a">Boston [Mass.] :</subfield><subfield code="b">S.T. Goss,</subfield><subfield code="c">1820.</subfield></datafield><datafield ind1=" " ind2=" " tag="300"><subfield code="a">v.</subfield></datafield><datafield ind1=" " ind2=" " tag="310"><subfield code="a">Weekly</subfield></datafield><datafield ind1="0" ind2=" " tag="362"><subfield code="a">Vol. 1, no. 1 (Jan. 1, 1820)-new ser., v. 2, no. 3 (July 8, 1820).</subfield></datafield><datafield ind1=" " ind2=" " tag="500"><subfield code="a">This title was published from Jan. 1-June 17, 1820 as a magazine, or periodical. It became a newspaper with the issue for June 24, 1820 (vol. 2, no. 1).</subfield></datafield><datafield ind1=" " ind2=" " tag="500"><subfield code="a">"Comprising a variety of useful and entertaining matter, suitable for both sexes, and all ages."</subfield></datafield><datafield ind1="4" ind2=" " tag="510"><subfield code="a">C.S. Brigham, Early American newspapers</subfield><subfield code="c">p. 314</subfield></datafield><datafield ind1=" " ind2=" " tag="530"><subfield code="a">Available on microfilm from Readex Microprint Corp.; also available online.</subfield></datafield><datafield ind1=" " ind2="0" tag="651"><subfield code="a">Boston (Mass.)</subfield><subfield code="v">Newspapers.</subfield></datafield><datafield ind1=" " ind2="0" tag="651"><subfield code="a">Suffolk County (Mass.)</subfield><subfield code="v">Newspapers.</subfield></datafield><datafield ind1=" " ind2="7" tag="655"><subfield code="a">Newspapers.</subfield><subfield code="2">fast</subfield><subfield code="0">(OCoLC)fst01423814</subfield></datafield><datafield ind1=" " ind2="7" tag="651"><subfield code="a">Massachusetts</subfield><subfield code="z">Boston.</subfield><subfield code="2">fast</subfield><subfield code="0">(OCoLC)fst01205012</subfield></datafield><datafield ind1=" " ind2="7" tag="651"><subfield code="a">Massachusetts</subfield><subfield code="z">Suffolk County.</subfield><subfield code="2">fast</subfield><subfield code="0">(OCoLC)fst01206189</subfield></datafield><datafield ind1=" " ind2=" " tag="752"><subfield code="a">United States</subfield><subfield code="b">Massachusetts</subfield><subfield code="c">Suffolk</subfield><subfield code="d">Boston.</subfield></datafield><datafield ind1="1" ind2=" " tag="776"><subfield code="t">Ladies' port folio (Online)</subfield><subfield code="w">(DLC)  2008266768</subfield><subfield code="w">(OCoLC)50880790</subfield></datafield><datafield ind1=" " ind2=" " tag="850"><subfield code="a">MH</subfield></datafield><datafield ind1="4" ind2="1" tag="856"><subfield code="u">http://proquest.umi.com/pqdweb</subfield></datafield><datafield ind1=" " ind2=" " tag="938"><subfield code="a">Kirtas Technologies, Inc.</subfield><subfield code="b">KRTS</subfield><subfield code="n">739410</subfield></datafield></record>